@ARTICLE{2014PPCF...56f4003S,
       author = {{Schaffner}, D.~A. and {Lukin}, V.~S. and {Wan}, A. and {Brown}, M.~R.},
        title = "{Turbulence analysis of an experimental flux-rope plasma}",
      journal = {Plasma Physics and Controlled Fusion},
         year = 2014,
        month = Jun,
       volume = {56},
          eid = {064003},
        pages = {064003},
          doi = {10.1088/0741-3335/56/6/064003},
archivePrefix = {arXiv},
       eprint = {1310.2228},
       adsurl = {https://ui.adsabs.harvard.edu/#abs/2014PPCF...56f4003S},
      adsnote = {Provided by the SAO/NASA Astrophysics Data System}
}

